%% This BibTeX bibliography file was created using BibDesk.
%% http://bibdesk.sourceforge.net/

%% Created for Dominic Luigi Manreal Maderazo at 2018-02-24 14:03:37 +1100 


%% Saved with string encoding Unicode (UTF-8) 


@comment{jabref-meta: databaseType:bibtex;}

@article{tautz2000evolution,
  title={Evolution of transcriptional regulation},
  author={Tautz, Diethard},
  journal={Current opinion in genetics \& development},
  volume={10},
  number={5},
  pages={575--579},
  year={2000},
  publisher={Elsevier}
}

@article{lemon2000orchestrated,
  title={Orchestrated response: a symphony of transcription factors for gene control},
  author={Lemon, Bryan and Tjian, Robert},
  journal={Genes \& development},
  volume={14},
  number={20},
  pages={2551--2569},
  year={2000},
  publisher={Cold Spring Harbor Lab}
}

@article{pennacchio2013enhancers,
  title={Enhancers: five essential questions},
  author={Pennacchio, Len A and Bickmore, Wendy and Dean, Ann and Nobrega, Marcelo A and Bejerano, Gill},
  journal={Nature Reviews Genetics},
  volume={14},
  number={4},
  pages={288},
  year={2013},
  publisher={Nature Publishing Group}
}

@article{jaenisch2003epigenetic,
  title={Epigenetic regulation of gene expression: how the genome integrates intrinsic and environmental signals},
  author={Jaenisch, Rudolf and Bird, Adrian},
  journal={Nature genetics},
  volume={33},
  pages={245},
  year={2003},
  publisher={Nature Publishing Group}
}

@article{holliday2006epigenetics,
  title={Epigenetics: a historical overview},
  author={Holliday, Robin},
  journal={Epigenetics},
  volume={1},
  number={2},
  pages={76--80},
  year={2006},
  publisher={Taylor \& Francis}
}

@article{holoch2015rna,
  title={RNA-mediated epigenetic regulation of gene expression},
  author={Holoch, Daniel and Moazed, Danesh},
  journal={Nature Reviews Genetics},
  volume={16},
  number={2},
  pages={71},
  year={2015},
  publisher={Nature Publishing Group}
}

@article{gibney2010epigenetics,
  title={Epigenetics and gene expression},
  author={Gibney, ER and Nolan, CM},
  journal={Heredity},
  volume={105},
  number={1},
  pages={4},
  year={2010},
  publisher={Nature Publishing Group}
}

@article{rada2018h3k4me1,
  title={Is H3K4me1 at enhancers correlative or causative?},
  author={Rada-Iglesias, Alvaro},
  journal={Nature genetics},
  volume={50},
  number={1},
  pages={4},
  year={2018},
  publisher={Nature Publishing Group}
}

@article{barski2007high,
  title={High-resolution profiling of histone methylations in the human genome},
  author={Barski, Artem and Cuddapah, Suresh and Cui, Kairong and Roh, Tae-Young and Schones, Dustin E and Wang, Zhibin and Wei, Gang and Chepelev, Iouri and Zhao, Keji},
  journal={Cell},
  volume={129},
  number={4},
  pages={823--837},
  year={2007},
  publisher={Elsevier}
}

@article{wong2014decoupling,
  title={Decoupling of evolutionary changes in transcription factor binding and gene expression in mammals},
  author={Wong, Emily S and Thybert, David and Schmitt, Bianca M and Stefflova, Klara and Odom, Duncan T and Flicek, Paul},
  journal={Genome research},
  pages={gr--177840},
  year={2014},
  publisher={Cold Spring Harbor Lab}
}

@article{blow2010chip,
  title={ChIP-Seq identification of weakly conserved heart enhancers},
  author={Blow, Matthew J and McCulley, David J and Li, Zirong and Zhang, Tao and Akiyama, Jennifer A and Holt, Amy and Plajzer-Frick, Ingrid and Shoukry, Malak and Wright, Crystal and Chen, Feng and others},
  journal={Nature genetics},
  volume={42},
  number={9},
  pages={806},
  year={2010},
  publisher={Nature Publishing Group}
}

@article{alberts2002chromosomal,
	Author = {Alberts, Bruce and Johnson, Alexander and Lewis, Julian and Raff, Martin and Roberts, Keith and Walter, Peter},
	Date-Added = {2018-02-22 23:02:45 +0000},
	Date-Modified = {2018-02-22 23:02:45 +0000},
	Publisher = {Garland Science},
	Title = {Chromosomal DNA and its packaging in the chromatin fiber},
	Year = {2002}}

@article{algama2017genome,
	Author = {Algama, Manjula and Tasker, Edward and Williams, Caitlin and Parslow, Adam C and Bryson-Richardson, Robert J and Keith, Jonathan M},
	Date-Added = {2018-01-30 06:03:47 +0000},
	Date-Modified = {2018-01-30 06:03:47 +0000},
	Journal = {BMC genomics},
	Number = {1},
	Pages = {259},
	Publisher = {BioMed Central},
	Title = {Genome-wide identification of conserved intronic non-coding sequences using a Bayesian segmentation approach},
	Volume = {18},
	Year = {2017}}

@article{lee2013lasagna,
  title={LASAGNA: a novel algorithm for transcription factor binding site alignment},
  author={Lee, Chih and Huang, Chun-Hsi},
  journal={BMC bioinformatics},
  volume={14},
  number={1},
  pages={108},
  year={2013},
  publisher={BioMed Central}
}

@article{mount2008comparison,
  title={Comparison of the PAM and BLOSUM amino acid substitution matrices},
  author={Mount, David W},
  journal={Cold Spring Harbor Protocols},
  volume={2008},
  number={6},
  pages={pdb--ip59},
  year={2008},
  publisher={Cold Spring Harbor Laboratory Press}
}

@article{macleod1944studies,
  title={Studies of the chemical nature of the substance inducing transformation of pneumococcal types. induction of transformation by a deoxyribonucleic acid fraction isolated from pneumococcus type iii},
  author={MacLeod, Avery OT and McCarty, Maclyn},
  journal={Journal of Experimental Medicine},
  volume={79},
  pages={137--158},
  year={1944}
}

@article{international2001initial,
  title={Initial sequencing and analysis of the human genome},
  author={International Human Genome Sequencing Consortium and others},
  journal={Nature},
  volume={409},
  number={6822},
  pages={860},
  year={2001},
  publisher={Nature Publishing Group}
}

@inproceedings{crick1958protein,
	Author = {Crick, Francis HC},
	Booktitle = {Symp Soc Exp Biol},
	Date-Added = {2018-01-30 01:16:27 +0000},
	Date-Modified = {2018-01-30 01:16:27 +0000},
	Number = {138-63},
	Pages = {8},
	Title = {On protein synthesis},
	Volume = {12},
	Year = {1958}}

@article{uchikawa2003functional,
	Author = {Uchikawa, Masanori and Ishida, Yoshiko and Takemoto, Tatsuya and Kamachi, Yusuke and Kondoh, Hisato},
	Date-Added = {2018-01-30 00:44:43 +0000},
	Date-Modified = {2018-01-30 00:44:43 +0000},
	Journal = {Developmental cell},
	Number = {4},
	Pages = {509--519},
	Publisher = {Elsevier},
	Title = {Functional analysis of chicken Sox2 enhancers highlights an array of diverse regulatory elements that are conserved in mammals},
	Volume = {4},
	Year = {2003}}

@inproceedings{watson1953structure,
	Author = {Watson, James D and Crick, Francis HC},
	Booktitle = {Cold Spring Harbor symposia on quantitative biology},
	Date-Added = {2017-12-11 00:56:31 +0000},
	Date-Modified = {2017-12-11 00:56:31 +0000},
	Organization = {Cold Spring Harbor Laboratory Press},
	Pages = {123--131},
	Title = {The structure of DNA},
	Volume = {18},
	Year = {1953}}

@article{liu1999bayesian,
	Author = {Liu, Jun S. and Lawrence, Charles E.},
	Date-Added = {2017-12-06 23:28:23 +0000},
	Date-Modified = {2017-12-06 23:28:23 +0000},
	Journal = {Bioinformatics (Oxford, England)},
	Number = {1},
	Pages = {38--52},
	Title = {Bayesian inference on biopolymer models.},
	Volume = {15},
	Year = {1999}}

@book{gilks1995markov,
	Author = {Gilks, Walter R and Richardson, Sylvia and Spiegelhalter, David},
	Date-Added = {2017-11-21 06:18:46 +0000},
	Date-Modified = {2017-11-21 06:18:46 +0000},
	Publisher = {CRC press},
	Title = {Markov chain Monte Carlo in practice},
	Year = {1995}}

@article{waagepetersen2001tutorial,
	Author = {Waagepetersen, Rasmus and Sorensen, Daniel},
	Date-Added = {2017-11-20 05:56:10 +0000},
	Date-Modified = {2017-11-20 05:56:10 +0000},
	Journal = {International Statistical Review},
	Number = {1},
	Pages = {49--61},
	Publisher = {Wiley Online Library},
	Title = {A Tutorial on Reversible Jump MCMC with a View toward Applications in QTL-mapping},
	Volume = {69},
	Year = {2001}}

@article{green1995reversible,
	Author = {Green, Peter J},
	Date-Added = {2017-11-20 05:55:42 +0000},
	Date-Modified = {2017-11-20 05:55:42 +0000},
	Journal = {Biometrika},
	Number = {4},
	Pages = {711--732},
	Publisher = {Oxford University Press},
	Title = {Reversible jump Markov chain Monte Carlo computation and Bayesian model determination},
	Volume = {82},
	Year = {1995}}

@article{keith2004generalized,
	Author = {Keith, Jonathan M and Kroese, Dirk P and Bryant, Darryn},
	Date-Added = {2017-11-14 02:53:00 +0000},
	Date-Modified = {2017-11-14 02:53:00 +0000},
	Journal = {Methodology and Computing in Applied Probability},
	Number = {1},
	Pages = {29--53},
	Publisher = {Springer},
	Title = {A generalized Markov sampler},
	Volume = {6},
	Year = {2004}}

@article{geman1984stochastic,
	Author = {Geman, Stuart and Geman, Donald},
	Date-Added = {2017-11-14 02:14:22 +0000},
	Date-Modified = {2017-11-14 02:14:22 +0000},
	Journal = {IEEE Transactions on pattern analysis and machine intelligence},
	Number = {6},
	Pages = {721--741},
	Publisher = {IEEE},
	Title = {Stochastic relaxation, Gibbs distributions, and the Bayesian restoration of images},
	Year = {1984}}

@article{metropolis1953equation,
	Author = {Metropolis, Nicholas and Rosenbluth, Arianna W and Rosenbluth, Marshall N and Teller, Augusta H and Teller, Edward},
	Date-Added = {2017-11-14 00:39:00 +0000},
	Date-Modified = {2017-11-14 00:39:00 +0000},
	Journal = {The journal of chemical physics},
	Number = {6},
	Pages = {1087--1092},
	Publisher = {AIP},
	Title = {Equation of state calculations by fast computing machines},
	Volume = {21},
	Year = {1953}}

@article{hastings1970monte,
	Author = {Hastings, W Keith},
	Date-Added = {2017-11-14 00:38:17 +0000},
	Date-Modified = {2017-11-14 00:38:17 +0000},
	Journal = {Biometrika},
	Number = {1},
	Pages = {97--109},
	Publisher = {Biometrika Trust},
	Title = {Monte Carlo sampling methods using Markov chains and their applications},
	Volume = {57},
	Year = {1970}}

@article{pirovano2008multiple,
	Author = {Pirovano, Walter and Heringa, Jaap},
	Journal = {Bioinformatics: Data, Sequence Analysis and Evolution},
	Pages = {143--161},
	Publisher = {Springer},
	Title = {Multiple sequence alignment},
	Year = {2008}}

@article{menlove2009similarity,
	Author = {Menlove, Kit J and Clement, Mark and Crandall, Keith A},
	Journal = {Bioinformatics for DNA Sequence Analysis},
	Pages = {1--22},
	Publisher = {Springer},
	Title = {Similarity searching using BLAST},
	Year = {2009}}

@article{edgar2006multiple,
	Author = {Edgar, Robert C and Batzoglou, Serafim},
	Journal = {Current opinion in structural biology},
	Number = {3},
	Pages = {368--373},
	Publisher = {Elsevier},
	Title = {Multiple sequence alignment},
	Volume = {16},
	Year = {2006}}

@article{thompson1994clustal,
	Author = {Thompson, Julie D and Higgins, Desmond G and Gibson, Toby J},
	Journal = {Nucleic acids research},
	Number = {22},
	Pages = {4673--4680},
	Publisher = {Oxford Univ Press},
	Title = {CLUSTAL W: improving the sensitivity of progressive multiple sequence alignment through sequence weighting, position-specific gap penalties and weight matrix choice},
	Volume = {22},
	Year = {1994}}

@article{keith2006segmenting,
	Author = {Keith, Jonathan M},
	Journal = {Journal of Computational Biology},
	Number = {7},
	Pages = {1369--1383},
	Publisher = {Mary Ann Liebert, Inc. 2 Madison Avenue Larchmont, NY 10538 USA},
	Title = {Segmenting eukaryotic genomes with the generalized Gibbs sampler},
	Volume = {13},
	Year = {2006}}

@article{nalbantouglu2014dynamic,
	Author = {Nalbanto{\u{g}}lu, {\"O} Ufuk},
	Journal = {Multiple Sequence Alignment Methods},
	Pages = {3--27},
	Publisher = {Springer},
	Title = {Dynamic Programming},
	Year = {2014}}

@article{spitz2012transcription,
	Author = {Spitz, Fran{\c{c}}ois and Furlong, Eileen EM},
	Journal = {Nature Reviews Genetics},
	Number = {9},
	Pages = {613--626},
	Publisher = {Nature Publishing Group},
	Title = {Transcription factors: from enhancer binding to developmental control},
	Volume = {13},
	Year = {2012}}

@article{harmston2013mystery,
	Author = {Harmston, Nathan and Bare{\v{s}}i{\'c}, Anja and Lenhard, Boris},
	Journal = {Phil. Trans. R. Soc. B},
	Number = {1632},
	Pages = {20130021},
	Publisher = {The Royal Society},
	Title = {The mystery of extreme non-coding conservation},
	Volume = {368},
	Year = {2013}}

@article{algama2014investigating,
	Author = {Algama, Manjula and Keith, Jonathan M},
	Journal = {Computational and structural biotechnology journal},
	Number = {17},
	Pages = {107--115},
	Publisher = {Elsevier},
	Title = {Investigating genomic structure using changept: A Bayesian segmentation model},
	Volume = {10},
	Year = {2014}}

@article{keith2012bayesian,
	Author = {Keith, Jonathan M and Davey, Christian M and Boyd, Sarah E},
	Journal = {BMC bioinformatics},
	Number = {1},
	Pages = {179},
	Publisher = {BioMed Central},
	Title = {A Bayesian method for comparing and combining binary classifiers in the absence of a gold standard},
	Volume = {13},
	Year = {2012}}

@article{algama2014drosophila,
	Author = {Algama, Manjula and Oldmeadow, Christopher and Tasker, Edward and Mengersen, Kerrie and Keith, Jonathan M},
	Journal = {PloS one},
	Number = {5},
	Pages = {e97336},
	Publisher = {Public Library of Science},
	Title = {Drosophila 3′ UTRS are more complex than protein-coding sequences},
	Volume = {9},
	Year = {2014}}

@article{feng1987progressive,
	Author = {Feng, Da-Fei and Doolittle, Russell F},
	Journal = {Journal of molecular evolution},
	Note = {Standard thing to do to align $N$ protein sequences is do $N-1$ pairwise alignments. Some things to watch out for is that the ordering of proteins can come into play. There are benchmarks for MSAs so that you can judge how good your MSA with, by comparing to these benchmarks. A bunch of alignment tools are available. You can make alignments more accurate by including data that's extra over the sequences. Most MSA algorithms are designed in the context of protein sequence alignment.},
	Number = {4},
	Pages = {351--360},
	Publisher = {Springer},
	Title = {Progressive sequence alignment as a prerequisitetto correct phylogenetic trees},
	Volume = {25},
	Year = {1987}}

@article{lockhart2000genomics,
  title={Genomics, gene expression and DNA arrays},
  author={Lockhart, David J and Winzeler, Elizabeth A},
  journal={Nature},
  volume={405},
  number={6788},
  pages={827},
  year={2000},
  publisher={Nature Publishing Group}
}

@article{macleod1944studiesv,
  title={Studies of the chemical nature of the substance inducing transformation of pneumococcal types. induction of transformation by a deoxyribonucleic acid fraction isolated from pneumococcus type iii},
  author={MacLeod, Avery OT and McCarty, Maclyn},
  journal={Journal of Experimental Medicine},
  volume={79},
  pages={137--158},
  year={1944}
}

@article{mount2008comparison,
  title={Comparison of the PAM and BLOSUM amino acid substitution matrices},
  author={Mount, David W},
  journal={Cold Spring Harbor Protocols},
  volume={2008},
  number={6},
  pages={pdb--ip59},
  year={2008},
  publisher={Cold Spring Harbor Laboratory Press}
}